

@ARTICLE{papadopoulos:virtual,
	AUTHOR = "Alessandro V. Papadopoulos and Martina           Maggio",
	TITLE = "Virtual machine migration in cloud          infrastructures: Problem formalization and policies proposal",
	JOURNAL = "Decision and Control (CDC), 2015 IEEE 54th Annual Conference on",
	PAGES = {6698-6705},
	MONTH = "December",
	YEAR = {2015}	}
    
@ARTICLE{raycroft:Performance,
	AUTHOR = "Patrick Raycroft and Ryan Jansen and Mateusz Jarus and Paul R.Brenner",
	TITLE = "Performance bounded energy efficient virtual machine allocation in the global cloud",
	JOURNAL = "Sustainable Computing: Informatics and Systems",
    VOLUME = {4},
    NUMBER = {1},
	PAGES = {1-9},
	MONTH = "March",
	YEAR = {2014}	}
    
    
@ARTICLE{raicu:many,
	AUTHOR = "Ioan Raicu and Ian T. Foster and Yong Zhao",
	TITLE = "Many-task computing for grids and supercomputers",
	JOURNAL = "In: Proceedings of the 2008 Workshop on Many-Task Computing on Grids and Supercomputers (MTAGS 2008)",
    ADDRESS = {Austin, TX},
    PUBLISHER = {IEEE},
	PAGES = {1-11},
	MONTH = "November",
	YEAR = {2008}	}
 
 
@MISC{barsness:2014:Distributed,
author = "Eric L. Barsness and David L. Darrington and Ray L. Lucas and John M. Santosuosso",
TITLE = {\textit{Distributed job scheduling in a multi-nodal environment}},
MONTH = "February",
YEAR = {2014},
HOWPUBLISHED = "https://patents.google.com/patent/US8645745",
publisher="Google Patents",
NOTE = "US Patent App. 12/145,181"
}


@Article{peterson:decentralized,
  author = 	 {Brian Peterson and Gerald Baumgartner and Qingyang Wang},
  title = 	 {A Decentralized Scheduling Framework for Many-Task
		  Scientific Computing in a Hybrid Cloud},
  journal = 	 {Services Transactions on Cloud Computing},
  year = 	 2017,
  volume = 	 5,
  number = 	 1,
  pages = 	 {1--13},
  month = 	 {January-March}
}
    
 
 @Article{chakravarti:organic,
  author = 	 {A.J. Chakravarti and G. Baumgartner and M. Lauria},
  title = 	 {The organic grid: self-organizing computation on a peer-to-peer network},
  journal = 	 {IEEE Transactions on Systems, Man, and Cybernetics - Part A: Systems and Humans},
  year = 	 2005,
  volume = 	 35,
  number = 	 3,
  pages = 	 {373--384},
  month = 	 {May}
}


@INPROCEEDINGS{Evangelinos08cloudcomputing,
  author =	"Constantinos Evangelinos and Chris N. Hill",
  title = "Cloud Computing for parallel Scientific {HPC} Applications: Feasibility of Running Coupled     Atmosphere-Ocean Climate Models on {A}mazon's {EC2}",
  booktitle = "In The 1st Workshop on Cloud Computing and its Applications (CCA)",
  year =	 {2008},
  notes =	 {This is reference 15 in                   Qui_Ekanayake_Hybrid. Mirrors other EC2                study. Performance is ok until MPI style               communication is an issue at which point it becomes
                  "horrible".}

}



@MISC{nasbenchmark:2016,
TITLE = {\textit{NAS Parallel Benchmarks}},
MONTH = "March",
YEAR = {2016},
HOWPUBLISHED = "https://www.nas.nasa.gov/publications/npb.htm"
}


 @Article{salah:performance,
  author = 	 {Salah H. R. Ali},
  title = 	 {Performance Investigation of CMM Measurement Quality Using Flick Standard},
  journal = 	 {Journal of Quality and Reliability Engineering (2014)},
  year = 	 {2014},
  month = 	 {May}
}


 @Article{sujan:efficient,
  author = 	 {S. Sujan and R. Kanniga Devi},
  title = 	 {An Efficient Task Scheduling Scheme in Cloud Computing Using Graph Theory},
  journal = 	 {Proceedings of the International Conference on Soft Computing Systems},
  pages = {655-662},
  year = 	 {2015},
  month = 	 {December}
}

 @Article{mahendra:task-scheduling,
  author = 	 {Mahendra Bhatu Gawali and Subhash K. Shinde},
  title = 	 {Task scheduling and resource allocation in cloud computing using a heuristic approach},
  journal = 	 {Journal of Cloud Computing: Advances, Systems and Applications},
  year = 	 {2018},
  month = 	 {February}
}

 @Misc{baumgartner:compiler,
  author = 	 {Gerald Baumgartner and Daniel Cociorva and Chi-Chung Lam and J. Ramanujam and P. Sadayappan},
  title = 	 {Compiler Support for Optimizing Tensor Contraction Expressions in Quantum Chemistry Computations},
  HOWPUBLISHED = "https://pdfs.semanticscholar.org/63bb/9f42caf74c5e16e1f76bf40f440f13454d99.pdf",
NOTE = "Supported in part by the National Science Foundation through awards
CHE-0121676 and EIA-9986052, and the U. S. Department of Energy
through award DE-AC05-00OR22725"
}


@MISC{tce:tensor:2015,
 TITLE = {\textit{TCE: The Tensor Contraction Engine}},
 HOWPUBLISHED = "http://www.csc.lsu.edu/~gb/TCE/"
}

 @Article{mahendra:task-scheduling,
  author = 	 {Mahendra Bhatu Gawali and Subhash K. Shinde},
  title = 	 {Task scheduling and resource allocation in cloud computing using a heuristic approach},
  journal = 	 {Journal of Cloud Computing: Advances, Systems and Applications},
  year = 	 {2018},
  month = 	 {February}
}

 @article{lee:achieving,
  author = "T. J. Lee and G. E. Scuseria",
  title = "Achieving chemical accuracy with coupled cluster theory.
In S. R. Langhoff (Ed.)",
  journal = "Quantum Mechanical Electronic Structure Calculations with Chemical Accuracy",
  volume = "",
  number = "",
  month = "",
  year = "1997",
  pages = "47--109",
}


 @incollection{martin:encyclopedia,
  author = "J. Martin",
  editor = "P. Schleyer and P. Schreiner and 
   N. Allinger and T. Clark and J. Gasteiger and P. Kollman and
   H. Schaefer III",
  title = "{Benchmark Studies on Small Molecules}",
  booktitle = "{Encyclopedia of Computational Chemistry}",
  volume = "1",
  year = "1998",
  pages = "115--128",
  publisher  = "{John Wiley \& Sons, Ltd.}",
}


@InProceedings{Sriram_SC14b,
  author = 	 {Samyam Rajbhandari and Akshay Nikam and Pai-Wei Lai and Kevin Stock and Sriram Krishnamoorthy and P. Sadayappan},
  title = 	 {A Communication-Optimal Framework for Contracting Distributed Tensors},
  booktitle = {Proceedings of SC14, The International Conference on High-Performance Computing, Networking, Storage, and Analysis},
  year =	 2014,
  address =	 {New Orleans, LA},
  month =	 {16--21 November}
}


 @article{strube:probe,
  author = "Alexandre Otto Strube and Dolores Rexachs and Emilio Luque",
  title = "Software Probes: A Method for Quickly Characterizing Applications' Performance on Heterogeneous Environments",
  journal = "In Parallel Processing Workshops, 2009. ICPPW '09. International Conference on",
  volume = "",
  number = "",
  month = "September",
  year = "2009",
  pages = "262--269",
}


















    
    
    
